%YAML 1.1
%TAG !u! tag:unity3d.com,2011:
--- !u!1 &562374271
GameObject:
  m_ObjectHideFlags: 0
  m_CorrespondingSourceObject: {fileID: 0}
  m_PrefabInstance: {fileID: 0}
  m_PrefabAsset: {fileID: 0}
  serializedVersion: 6
  m_Component:
  - component: {fileID: 562374272}
  m_Layer: 0
  m_Name: bagPoint
  m_TagString: Untagged
  m_Icon: {fileID: 1206586993520771344, guid: 0000000000000000d000000000000000, type: 0}
  m_NavMeshLayer: 0
  m_StaticEditorFlags: 0
  m_IsActive: 1
--- !u!4 &562374272
Transform:
  m_ObjectHideFlags: 0
  m_CorrespondingSourceObject: {fileID: 0}
  m_PrefabInstance: {fileID: 0}
  m_PrefabAsset: {fileID: 0}
  m_GameObject: {fileID: 562374271}
  m_LocalRotation: {x: 0, y: 0, z: 0, w: 1}
  m_LocalPosition: {x: 0, y: 0.909, z: -0.759}
  m_LocalScale: {x: 1, y: 1, z: 1}
  m_Children: []
  m_Father: {fileID: 2310322413391388828}
  m_RootOrder: 1
  m_LocalEulerAnglesHint: {x: 0, y: 0, z: 0}
--- !u!1 &2310322413391388817
GameObject:
  m_ObjectHideFlags: 0
  m_CorrespondingSourceObject: {fileID: 0}
  m_PrefabInstance: {fileID: 0}
  m_PrefabAsset: {fileID: 0}
  serializedVersion: 6
  m_Component:
  - component: {fileID: 2310322413391388828}
  - component: {fileID: 2310322413391388830}
  - component: {fileID: 2310322413391388827}
  - component: {fileID: 2310322413391388829}
  - component: {fileID: 2310322413391388826}
  - component: {fileID: 2310322413391388831}
  - component: {fileID: 1298530547023027785}
  m_Layer: 0
  m_Name: Worker
  m_TagString: Untagged
  m_Icon: {fileID: 0}
  m_NavMeshLayer: 0
  m_StaticEditorFlags: 0
  m_IsActive: 1
--- !u!4 &2310322413391388828
Transform:
  m_ObjectHideFlags: 0
  m_CorrespondingSourceObject: {fileID: 0}
  m_PrefabInstance: {fileID: 0}
  m_PrefabAsset: {fileID: 0}
  m_GameObject: {fileID: 2310322413391388817}
  m_LocalRotation: {x: 0, y: 0, z: 0, w: 1}
  m_LocalPosition: {x: 9.27, y: 0.037, z: 12.09}
  m_LocalScale: {x: 0.4, y: 0.4, z: 0.4}
  m_Children:
  - {fileID: 2847770865106956696}
  - {fileID: 562374272}
  m_Father: {fileID: 0}
  m_RootOrder: 0
  m_LocalEulerAnglesHint: {x: 0, y: 0, z: 0}
--- !u!114 &2310322413391388830
MonoBehaviour:
  m_ObjectHideFlags: 0
  m_CorrespondingSourceObject: {fileID: 0}
  m_PrefabInstance: {fileID: 0}
  m_PrefabAsset: {fileID: 0}
  m_GameObject: {fileID: 2310322413391388817}
  m_Enabled: 1
  m_EditorHideFlags: 0
  m_Script: {fileID: 11500000, guid: 867a1c0f4a2f55843a01a31b5cca72a0, type: 3}
  m_Name: 
  m_EditorClassIdentifier: 
  currentWorkerLevel: 3
  extractedResourcePrefab: {fileID: 8773919908224316668, guid: 68088f740628e0b48a264d126db41217, type: 3}
  bagPoint: {fileID: 562374272}
--- !u!114 &2310322413391388827
MonoBehaviour:
  m_ObjectHideFlags: 0
  m_CorrespondingSourceObject: {fileID: 0}
  m_PrefabInstance: {fileID: 0}
  m_PrefabAsset: {fileID: 0}
  m_GameObject: {fileID: 2310322413391388817}
  m_Enabled: 1
  m_EditorHideFlags: 0
  m_Script: {fileID: 11500000, guid: 59e4c3d44aa76064ea4d705d4eb84a07, type: 3}
  m_Name: 
  m_EditorClassIdentifier: 
--- !u!195 &2310322413391388829
NavMeshAgent:
  m_ObjectHideFlags: 0
  m_CorrespondingSourceObject: {fileID: 0}
  m_PrefabInstance: {fileID: 0}
  m_PrefabAsset: {fileID: 0}
  m_GameObject: {fileID: 2310322413391388817}
  m_Enabled: 1
  m_AgentTypeID: 0
  m_Radius: 0.5
  m_Speed: 3.5
  m_Acceleration: 4
  avoidancePriority: 50
  m_AngularSpeed: 120
  m_StoppingDistance: 0
  m_AutoTraverseOffMeshLink: 1
  m_AutoBraking: 1
  m_AutoRepath: 1
  m_Height: 1.2
  m_BaseOffset: 0
  m_WalkableMask: 4294967295
  m_ObstacleAvoidanceType: 4
--- !u!136 &2310322413391388826
CapsuleCollider:
  m_ObjectHideFlags: 0
  m_CorrespondingSourceObject: {fileID: 0}
  m_PrefabInstance: {fileID: 0}
  m_PrefabAsset: {fileID: 0}
  m_GameObject: {fileID: 2310322413391388817}
  m_Material: {fileID: 0}
  m_IsTrigger: 1
  m_Enabled: 1
  m_Radius: 0.5
  m_Height: 1.9674647
  m_Direction: 1
  m_Center: {x: 0, y: 0.48373222, z: 0}
--- !u!54 &2310322413391388831
Rigidbody:
  m_ObjectHideFlags: 0
  m_CorrespondingSourceObject: {fileID: 0}
  m_PrefabInstance: {fileID: 0}
  m_PrefabAsset: {fileID: 0}
  m_GameObject: {fileID: 2310322413391388817}
  serializedVersion: 2
  m_Mass: 1
  m_Drag: 0
  m_AngularDrag: 0.05
  m_UseGravity: 1
  m_IsKinematic: 0
  m_Interpolate: 0
  m_Constraints: 90
  m_CollisionDetection: 0
--- !u!114 &1298530547023027785
MonoBehaviour:
  m_ObjectHideFlags: 0
  m_CorrespondingSourceObject: {fileID: 0}
  m_PrefabInstance: {fileID: 0}
  m_PrefabAsset: {fileID: 0}
  m_GameObject: {fileID: 2310322413391388817}
  m_Enabled: 1
  m_EditorHideFlags: 0
  m_Script: {fileID: 11500000, guid: 77dd20a341a41374d8a73b18a7391c9c, type: 3}
  m_Name: 
  m_EditorClassIdentifier: 
  handWrittenText: 
--- !u!1001 &2310322415270712947
PrefabInstance:
  m_ObjectHideFlags: 0
  serializedVersion: 2
  m_Modification:
    m_TransformParent: {fileID: 2310322413391388828}
    m_Modifications:
    - target: {fileID: -8679921383154817045, guid: debce3b5c73c18d4f8c47823795cdf8b, type: 3}
      propertyPath: m_LocalPosition.x
      value: 0
      objectReference: {fileID: 0}
    - target: {fileID: -8679921383154817045, guid: debce3b5c73c18d4f8c47823795cdf8b, type: 3}
      propertyPath: m_LocalPosition.y
      value: -0.189
      objectReference: {fileID: 0}
    - target: {fileID: -8679921383154817045, guid: debce3b5c73c18d4f8c47823795cdf8b, type: 3}
      propertyPath: m_LocalPosition.z
      value: 0
      objectReference: {fileID: 0}
    - target: {fileID: -8679921383154817045, guid: debce3b5c73c18d4f8c47823795cdf8b, type: 3}
      propertyPath: m_LocalRotation.x
      value: 0
      objectReference: {fileID: 0}
    - target: {fileID: -8679921383154817045, guid: debce3b5c73c18d4f8c47823795cdf8b, type: 3}
      propertyPath: m_LocalRotation.y
      value: 0
      objectReference: {fileID: 0}
    - target: {fileID: -8679921383154817045, guid: debce3b5c73c18d4f8c47823795cdf8b, type: 3}
      propertyPath: m_LocalRotation.z
      value: 0
      objectReference: {fileID: 0}
    - target: {fileID: -8679921383154817045, guid: debce3b5c73c18d4f8c47823795cdf8b, type: 3}
      propertyPath: m_LocalRotation.w
      value: 1
      objectReference: {fileID: 0}
    - target: {fileID: -8679921383154817045, guid: debce3b5c73c18d4f8c47823795cdf8b, type: 3}
      propertyPath: m_RootOrder
      value: 0
      objectReference: {fileID: 0}
    - target: {fileID: -8679921383154817045, guid: debce3b5c73c18d4f8c47823795cdf8b, type: 3}
      propertyPath: m_LocalEulerAnglesHint.x
      value: 0
      objectReference: {fileID: 0}
    - target: {fileID: -8679921383154817045, guid: debce3b5c73c18d4f8c47823795cdf8b, type: 3}
      propertyPath: m_LocalEulerAnglesHint.y
      value: 0
      objectReference: {fileID: 0}
    - target: {fileID: -8679921383154817045, guid: debce3b5c73c18d4f8c47823795cdf8b, type: 3}
      propertyPath: m_LocalEulerAnglesHint.z
      value: 0
      objectReference: {fileID: 0}
    - target: {fileID: -8679921383154817045, guid: debce3b5c73c18d4f8c47823795cdf8b, type: 3}
      propertyPath: m_LocalScale.x
      value: 1.25
      objectReference: {fileID: 0}
    - target: {fileID: -8679921383154817045, guid: debce3b5c73c18d4f8c47823795cdf8b, type: 3}
      propertyPath: m_LocalScale.y
      value: 1.25
      objectReference: {fileID: 0}
    - target: {fileID: -8679921383154817045, guid: debce3b5c73c18d4f8c47823795cdf8b, type: 3}
      propertyPath: m_LocalScale.z
      value: 1.25
      objectReference: {fileID: 0}
    - target: {fileID: 919132149155446097, guid: debce3b5c73c18d4f8c47823795cdf8b, type: 3}
      propertyPath: m_Name
      value: _chr_punk
      objectReference: {fileID: 0}
    m_RemovedComponents: []
  m_SourcePrefab: {fileID: 100100000, guid: debce3b5c73c18d4f8c47823795cdf8b, type: 3}
--- !u!4 &2847770865106956696 stripped
Transform:
  m_CorrespondingSourceObject: {fileID: -8679921383154817045, guid: debce3b5c73c18d4f8c47823795cdf8b, type: 3}
  m_PrefabInstance: {fileID: 2310322415270712947}
  m_PrefabAsset: {fileID: 0}
